<?xml version="1.0" encoding="UTF-8"?><collection xmlns="http://www.loc.gov/MARC21/slim"><record><leader>00396nam--2200145-i-4500</leader><controlfield tag="001">000030184</controlfield><controlfield tag="002">20161230</controlfield><controlfield tag="005">20161230201038</controlfield><controlfield tag="008">060222s1000------------r-----000-0-eng-d</controlfield><datafield ind1=" " ind2=" " tag="080"><subfield code="a">517.5(083)</subfield></datafield><datafield ind1="1" ind2=" " tag="100"><subfield code="a">Luke, Yudell L</subfield></datafield><datafield ind1="1" ind2="0" tag="245"><subfield code="a">Mathematical functions and their approximations</subfield></datafield><datafield ind1=" " ind2=" " tag="260"><subfield code="a">New York, Academic Press Inc., 1975, 568p</subfield></datafield><datafield ind1=" " ind2=" " tag="852"><subfield code="a">45479</subfield><subfield code="c">517.5</subfield></datafield><datafield ind1=" " ind2=" " tag="CAT"><subfield code="a">Sys</subfield><subfield code="c">20080806</subfield><subfield code="h">134803</subfield></datafield></record></collection>